/Users/Epistine/Library/texmf/bibtex/bib/frenchlaw/frenchlaw.bib